@ONLINE {kmeans,
    author = "Imad Dabbura",
    title  = "K-means Clustering: Algorithm, Applications, Evaluation Methods, and Drawbacks",
    month  = "sep",
    year   = "2018",
    url    = "https://towardsdatascience.com/k-means-clustering-algorithm-applications-evaluation-methods-and-drawbacks-aa03e644b48a"
}
@article{fayyad1996kdd,
  title={The KDD process for extracting useful knowledge from volumes of data},
  author={Fayyad, Usama and Piatetsky-Shapiro, Gregory and Smyth, Padhraic},
  journal={Communications of the ACM},
  volume={39},
  number={11},
  pages={27--34},
  year={1996},
  publisher={ACM New York, NY, USA}
}

@article{maimon,
  title={Data mining and knowledge discovery handbook},
  author={Maimon, Oded and Rokach, Lior},
  year={2005},
  publisher={Springer}
}
@misc{werneck2020pandemia,
  title={A pandemia de COVID-19 no Brasil: cr{\^o}nica de uma crise sanit{\'a}ria anunciada},
  author={Werneck, Guilherme Loureiro and Carvalho, Marilia S{\'a}},
  year={2020},
  publisher={SciELO Public Health}
}
@incollection{huremovic2019brief,
  title={Brief history of pandemics (pandemics throughout history)},
  author={Huremovi{\'c}, Damir},
  booktitle={Psychiatry of pandemics},
  pages={7--35},
  year={2019},
  publisher={Springer}
}
@article{velavan2020covid,
  title={The COVID-19 epidemic},
  author={Velavan, Thirumalaisamy P and Meyer, Christian G},
  journal={Tropical medicine \& international health},
  volume={25},
  number={3},
  pages={278},
  year={2020},
  publisher={Wiley-Blackwell}
}
@ONLINE {G1,
    author = "Ardilhes Moreira e Lara Pinheiro",
    title  = "OMS declara pandemia de coronav√≠rus",
    month  = "mar",
    year   = "2020",
    url    = "https://g1.globo.com/bemestar/coronavirus/noticia/2020/03/11/oms-declara-pandemia-de-coronavirus.ghtml"
}
@ONLINE {WorldHealthOrganization,
    author = "OMS",
    title  = "Coronavirus disease (COVID-19)",
    month  = "nov",
    year   = "2021",
    url    = "https://www.who.int/health-topics/coronavirus#tab=tab_3"
}
@article{camilo2009mineraccao,
  title={Minera{\c{c}}{\~a}o de dados: Conceitos, tarefas, m{\'e}todos e ferramentas},
  author={Camilo, C{\'a}ssio Oliveira and Silva, Jo{\~a}o Carlos da},
  journal={Universidade Federal de Goi{\'a}s (UFC)},
  volume={1},
  number={1},
  pages={1--29},
  year={2009}
}